@article{elsta,
    title="Elastic Stability Analysis of Euler Columns Using Analytical Approximate Techniques",
    author="Safa Bozkurt Coşkun et Baki Öztürk",
    year=2012
}

@article{coursfla,
    title="Instabilité des poutres et des plaques",
    author="??? Olivier ALLIX"
}

@book{EC3,
    title="Eurocode 3",
    year=2005
}